@inproceedings{
wang2018learning,
title={Learning Robust Representations by Projecting Superficial Statistics Out},
author={Haohan Wang and Zexue He and Eric P. Xing},
booktitle={International Conference on Learning Representations},
year={2019},
url={https://openreview.net/forum?id=rJEjjoR9K7},
}

@inproceedings{Li2017dg,
  			title={Deeper, Broader and Artier Domain Generalization},
  			author={Li, Da and Yang, Yongxin and Song, Yi-Zhe and Hospedales, Timothy},
  			booktitle={International Conference on Computer Vision},
  			year={2017}
		}

@inproceedings{aneja2016modeling,
  title={Modeling Stylized Character Expressions via Deep Learning},
  author={Aneja, Deepali and Colburn, Alex and Faigin, Gary and Shapiro, Linda and Mones, Barbara},
  booktitle={Asian Conference on Computer Vision},
  pages={136--153},
  year={2016},
  organization={Springer}
}

@inproceedings{glcm,
author = {Lam, S.W.-C},
year = {1996},
month = {11},
pages = {267 - 271 vol.1},
title = {Texture feature extraction using gray level gradient based co-occurence matrices},
volume = {1},
isbn = {0-7803-3280-6},
doi = {10.1109/ICSMC.1996.569778}
}
